<record><leader>00000cas a2200000 a 4500</leader><controlfield tag="001">23446082</controlfield><controlfield tag="008">910410d19331962caudr ne      0    0eng c</controlfield><datafield ind1=" " ind2=" " tag="010"><subfield code="a">sn 91066452 </subfield></datafield><datafield ind1=" " ind2=" " tag="040"><subfield code="a">NYS</subfield><subfield code="b">eng</subfield><subfield code="c">NYS</subfield><subfield code="d">CNK</subfield><subfield code="d">NSD</subfield><subfield code="d">CNK</subfield><subfield code="d">OCLCQ</subfield><subfield code="d">OCLCF</subfield><subfield code="d">OCLCO</subfield></datafield><datafield ind1=" " ind2=" " tag="019"><subfield code="a">23610598</subfield></datafield><datafield ind1=" " ind2=" " tag="042"><subfield code="a">pcc</subfield></datafield><datafield ind1=" " ind2=" " tag="043"><subfield code="a">n-us-ca</subfield></datafield><datafield ind1="0" ind2="0" tag="245"><subfield code="a">Pasadena independent.</subfield></datafield><datafield ind1="1" ind2=" " tag="246"><subfield code="i">On Sundays published as:</subfield><subfield code="a">Independent star-news</subfield><subfield code="f">Apr. 1, 1956-Jan. 7, 1962</subfield></datafield><datafield ind1=" " ind2=" " tag="260"><subfield code="a">Pasadena, Calif. :</subfield><subfield code="b">Emer Bates and H. George Golden</subfield></datafield><datafield ind1=" " ind2=" " tag="300"><subfield code="a">v.</subfield></datafield><datafield ind1=" " ind2=" " tag="310"><subfield code="a">Daily,</subfield><subfield code="b">Oct. 1948-Jan. 7, 1962</subfield></datafield><datafield ind1=" " ind2=" " tag="321"><subfield code="a">Weekly,</subfield><subfield code="b">Feb. 23, 1933-&lt;Feb. 5, 1934&gt;</subfield></datafield><datafield ind1=" " ind2=" " tag="321"><subfield code="a">Three times a week,</subfield><subfield code="b">&lt;Jan. 1944&gt;-Oct. 1945</subfield></datafield><datafield ind1=" " ind2=" " tag="321"><subfield code="a">Four times a week,</subfield><subfield code="b">Oct. 1945-Oct. 1948</subfield></datafield><datafield ind1="0" ind2=" " tag="362"><subfield code="a">Vol. 1, no. 1 (Feb. 23, 1933)-v. 46, no. 365 (Jan. 7, 1962).</subfield></datafield><datafield ind1=" " ind2=" " tag="500"><subfield code="a">Special "75th Anniversary edition" published May 14, 1961.</subfield></datafield><datafield ind1=" " ind2=" " tag="515"><subfield code="a">Sunday issues from Apr. 1, 1956-Jan. 7, 1962 carry their own v. and numbering designation.</subfield></datafield><datafield ind1=" " ind2=" " tag="530"><subfield code="a">Master negatives are available for duplication from:</subfield><subfield code="b">California Newspaper Microfilm Archive;</subfield><subfield code="c">positive copies may be purchased by the reel; for further information consult the CNMA at:</subfield><subfield code="u">http://cbsr.ucr.edu</subfield></datafield><datafield ind1=" " ind2=" " tag="588"><subfield code="a">Latest issue consulted: Vol. 13, no. 44 (Apr. 13, 1945).</subfield></datafield><datafield ind1=" " ind2="0" tag="651"><subfield code="a">Pasadena (Calif.)</subfield><subfield code="v">Newspapers.</subfield></datafield><datafield ind1=" " ind2="7" tag="655"><subfield code="a">Newspapers.</subfield><subfield code="2">fast</subfield><subfield code="0">(OCoLC)fst01423814</subfield></datafield><datafield ind1=" " ind2="7" tag="651"><subfield code="a">California</subfield><subfield code="z">Pasadena.</subfield><subfield code="2">fast</subfield><subfield code="0">(OCoLC)fst01204693</subfield></datafield><datafield ind1=" " ind2=" " tag="752"><subfield code="a">United States</subfield><subfield code="b">California</subfield><subfield code="c">Los Angeles</subfield><subfield code="d">Pasadena.</subfield></datafield><datafield ind1="0" ind2=" " tag="775"><subfield code="t">Star-news (Pasadena, Calif. : 1956)</subfield><subfield code="x">1087-3031</subfield><subfield code="w">(DLC)sn 95061937</subfield></datafield><datafield ind1="0" ind2="0" tag="785"><subfield code="t">Independent (Pasadena, Calif.)</subfield><subfield code="w">(DLC)sn 95061939</subfield></datafield></record>